@article{mit,
  title   = {The Missing Semester of Your CS Education},
  author  = {},
  year    = {Anish, Jose, and Jon},
  month   = {},
  volume  = {},
  pages   = {},
  issn    = {},
  journal = {https://missing-semester-cn.github.io/about},
  number  = {}
}

@article{linuxcool,
  title   = {Linux 命令大全},
  author  = {},
  year    = {Nameless},
  month   = {},
  volume  = {},
  pages   = {},
  issn    = {},
  journal = {https://www.linuxcool.com},
  number  = {}
}